
@misc{garmin305,
    author = {Garmin},
    title  = {{Garmin Forerunner 305}},
    howpublished = "\url{http://support.garmin.com/support/sw/supportPage/display?locale=en_US&topicIDs={6d19e750-030b-11dc-e9ab-000000000000}&topicIDs=Running&topicIDs={64bfd220-03bc-11dc-786a-000000000000}&topicIDs={c4231240-03bc-11dc-786a-000000000000}}",
}

@misc{garmin405,
    author = {Garmin},
    title  = {{Garmin Forerunner 405}},
    howpublished = "\url{http://support.garmin.com/support/sw/supportPage/display?locale=en_US&topicIDs={6d19e750-030b-11dc-e9ab-000000000000}&topicIDs=Running&topicIDs={64bfd220-03bc-11dc-786a-000000000000}&topicIDs={cbabf930-e572-11dc-d6fc-000000000000}}",
}

@misc{garmin405cx,
    author = {Garmin},
    title  = {{Garmin Forerunner 405CX}},
    howpublished = "\url{http://support.garmin.com/support/sw/supportPage/display?locale=en_US&topicIDs={6d19e750-030b-11dc-e9ab-000000000000}&topicIDs=Running&topicIDs={64bfd220-03bc-11dc-786a-000000000000}&topicIDs={ea3a4f30-1f9d-11de-76c5-000000000000}}",
}

@misc{braiden405cxdoc,
    author = {braiden},
    title  = {{Implementing Linux Support for Garmin 405CX}},
    month  = Mar,
    year   = {2012},
    howpublished = "\url{http://braiden.org/?p=293}",
}

@misc{braiden405cxsrc,
    author = {braiden},
    title  = {{python-ant-downloader}},
    month  = Mar,
    year   = {2012},
    howpublished = "\url{https://github.com/braiden/python-ant-downloader.git}",
}

@misc{braiden305doc,
    author = {braiden},
    title  = {{Garmin Connect \& Linux}},
    month  = Mar,
    year   = {2010},
    howpublished = "\url{http://braiden.org/?p=62}",
}

@misc{dbailegarmintools,
    author = {dbaile@gmail.com},
    title  = {{GarminTools}},
    month  = Mar,
    year   = {2009},
    howpublished = "\url{http://code.google.com/p/garmintools/}",
}

@misc{garminwebfirefoxplugin,
    author = {Andreas Diesner},
    title  = {{Linux Garmin Communicator Plugin}},
    month  = Mar,
    year   = {2013},
    howpublished = "\url{http://www.andreas-diesner.de/garminplugin/}",
}

@misc{pytrainer,
    author = {David Granda},
    title  = {{pytrainer -- a desktop application for logging and graphing sporting excursions}},
    month  = Aug,
    year   = {2012},
    howpublished = "\url{http://sourceforge.net/projects/pytrainer/}",
    howpublished = "\url{https://github.com/pytrainer/pytrainer.git}",
}

@misc{gant405,
    author = {yhfudev},
    title  = {{Gant's clone}},
    month  = Mar,
    year   = {2013},
    howpublished = "\url{https://github.com/yhfudev/gant.git}",
}

@misc{gant610,
    author = {},
    title  = {{Garmin Forerunner 610 Extractor}},
    month  = May,
    year   = {2013},
    howpublished = "\url{https://github.com/Tigge/Garmin-Forerunner-610-Extractor.git}",
}

@misc{jbrown405linux,
    author = {James A R Brown},
    title  = {{Garmin Forerunner 405 (ANT USB2) in Linux}},
    month  = May,
    year   = {2011},
    howpublished = "\url{http://www.jamesarbrown.com/?p=5}",
    howpublished = "\url{http://jamesarbrown.wordpress.com/2011/05/01/garminforerunner405linux/}",
}
